

@misc{chollet2015keras,
  title={Keras},
  author={Chollet, Fran\c{c}ois and others},
  year={2015},
  publisher={GitHub},
  howpublished={\url{https://github.com/fchollet/keras}},
}

@misc{goodfellow,
Author = {Ian J. Goodfellow and Dumitru Erhan and Pierre Luc Carrier and Aaron Courville and Mehdi Mirza and Ben Hamner and Will Cukierski and Yichuan Tang and David Thaler and Dong-Hyun Lee and Yingbo Zhou and Chetan Ramaiah and Fangxiang Feng and Ruifan Li and Xiaojie Wang and Dimitris Athanasakis and John Shawe-Taylor and Maxim Milakov and John Park and Radu Ionescu and Marius Popescu and Cristian Grozea and James Bergstra and Jingjing Xie and Lukasz Romaszko and Bing Xu and Zhang Chuang and Yoshua Bengio},
Title = {Challenges in Representation Learning: A report on three machine learning contests},
Year = {2013},
Eprint = {arXiv:1307.0414},
}

@article{scikit-learn,
 title={Scikit-learn: Machine Learning in {P}ython},
 author={Pedregosa, F. and Varoquaux, G. and Gramfort, A. and Michel, V.
         and Thirion, B. and Grisel, O. and Blondel, M. and Prettenhofer, P.
         and Weiss, R. and Dubourg, V. and Vanderplas, J. and Passos, A. and
         Cournapeau, D. and Brucher, M. and Perrot, M. and Duchesnay, E.},
 journal={Journal of Machine Learning Research},
 volume={12},
 pages={2825--2830},
 year={2011}
}

@article{scikit-image,
 title = {scikit-image: image processing in {P}ython},
 author = {van der Walt, {S}t\'efan and {S}ch\"onberger, {J}ohannes {L}. and
           {Nunez-Iglesias}, {J}uan and {B}oulogne, {F}ran\c{c}ois and {W}arner,
           {J}oshua {D}. and {Y}ager, {N}eil and {G}ouillart, {E}mmanuelle and
           {Y}u, {T}ony and the scikit-image contributors},
 year = {2014},
 month = {6},
 keywords = {Image processing, Reproducible research, Education,
             Visualization, Open source, Python, Scientific programming},
 volume = {2},
 pages = {e453},
 journal = {PeerJ},
 issn = {2167-8359},
 url = {http://dx.doi.org/10.7717/peerj.453},
 doi = {10.7717/peerj.453}
}

@incollection{NIPS2012_4824,
title = {ImageNet Classification with Deep Convolutional Neural Networks},
author = {Alex Krizhevsky and Sutskever, Ilya and Hinton, Geoffrey E},
booktitle = {Advances in Neural Information Processing Systems 25},
editor = {F. Pereira and C. J. C. Burges and L. Bottou and K. Q. Weinberger},
pages = {1097--1105},
year = {2012},
publisher = {Curran Associates, Inc.},
url = {http://papers.nips.cc/paper/4824-imagenet-classification-with-deep-convolutional-neural-networks.pdf}
}

@misc{1409.1556,
Author = {Karen Simonyan and Andrew Zisserman},
Title = {Very Deep Convolutional Networks for Large-Scale Image Recognition},
Year = {2014},
Eprint = {arXiv:1409.1556},
}

@inproceedings{imagenet_cvpr09,
        AUTHOR = {Deng, J. and Dong, W. and Socher, R. and Li, L.-J. and Li, K. and Fei-Fei, L.},
        TITLE = {{ImageNet: A Large-Scale Hierarchical Image Database}},
        BOOKTITLE = {CVPR09},
        YEAR = {2009},
        BIBSOURCE = "http://www.image-net.org/papers/imagenet_cvpr09.bib"}
